<record xmlns='http://www.loc.gov/MARC21/slim'><leader>01209cim a22003132u 4500</leader><controlfield tag='001'>3604600</controlfield><controlfield tag='005'>20151214183429.0</controlfield><controlfield tag='007'>ss|lmnjluz|nuu</controlfield><controlfield tag='008'>991101s1984    nyunnn         l    eng d</controlfield><datafield ind1=' ' ind2=' ' tag='035'><subfield code='a'>(NIC)notisASG1665</subfield></datafield><datafield ind1=' ' ind2=' ' tag='035'><subfield code='a'>3604600</subfield></datafield><datafield ind1=' ' ind2=' ' tag='035'><subfield code='a'>(OCoLC)63903054</subfield></datafield><datafield ind1=' ' ind2=' ' tag='040'><subfield code='a'>NIC</subfield><subfield code='c'>NIC</subfield><subfield code='d'>NIC</subfield></datafield><datafield ind1='1' ind2=' ' tag='100'><subfield code='a'>Woolhouse, Harold W.</subfield></datafield><datafield ind1='1' ind2='0' tag='245'><subfield code='a'>Taking control of evolution:  genetic manipulation and its consequences for various species</subfield><subfield code='h'>[sound recording]</subfield></datafield><datafield ind1=' ' ind2=' ' tag='260'><subfield code='c'>1984.</subfield></datafield><datafield ind1=' ' ind2=' ' tag='300'><subfield code='a'>1 sound cassette (85 min.) :</subfield><subfield code='b'>analog, mono.</subfield></datafield><datafield ind1=' ' ind2=' ' tag='500'><subfield code='a'>Recorded in Ithaca, NY by Cornell University.</subfield></datafield><datafield ind1=' ' ind2=' ' tag='500'><subfield code='a'>Sponsored by: Andrew D. White Professors-At-Large Program.</subfield></datafield><datafield ind1=' ' ind2=' ' tag='518'><subfield code='a'>Lecture, October 25, 1984.</subfield></datafield><datafield ind1=' ' ind2=' ' tag='520'><subfield code='a'>Woolhouse describes the way in which scientists produce new hybrids by genetic manipulation.</subfield></datafield><datafield ind1=' ' ind2='0' tag='650'><subfield code='a'>Genetic engineering</subfield><subfield code='x'>Law and legislation.</subfield></datafield><datafield ind1=' ' ind2='0' tag='650'><subfield code='a'>Hybridization.</subfield></datafield><datafield ind1=' ' ind2='7' tag='650'><subfield code='a'>Genetic engineering</subfield><subfield code='x'>Law and legislation</subfield><subfield code='2'>fast</subfield><subfield code='0'>(OCoLC)fst00940036</subfield></datafield><datafield ind1=' ' ind2='7' tag='650'><subfield code='a'>Hybridization</subfield><subfield code='2'>fast</subfield><subfield code='0'>(OCoLC)fst00964535</subfield></datafield><datafield ind1=' ' ind2='0' tag='830'><subfield code='a'>Andrew D. White Professors-At-Large lectures.</subfield></datafield><datafield ind1='1' ind2=' ' tag='899'><subfield code='a'>CULectures</subfield></datafield><datafield ind1=' ' ind2=' ' tag='905'><subfield code='a'>19991201120000.0</subfield></datafield><datafield ind1='2' ind2=' ' tag='948'><subfield code='a'>20141221</subfield><subfield code='b'>m</subfield><subfield code='d'>batch</subfield><subfield code='e'>lts</subfield><subfield code='x'>addfast</subfield></datafield></record>